@article{Rambabu2015,
  doi = {10.11113/jt.v76.5630},
  url = {https://doi.org/10.11113/jt.v76.5630},
  year = {2015},
  month = sep,
  publisher = {Penerbit {UTM} Press},
  volume = {76},
  number = {8},
  author = {Rethnaraj Rambabu and Muhammad Rijaluddin Bahiki and Syaril Azrad},
  title = {{MULTI}-{SENSOR} {FUSION} {BASED} {UAV} {COLLISION} {AVOIDANCE} {SYSTEM}},
  journal = {Jurnal Teknologi}
}

@article{Ramasamy2016,
  doi = {10.1016/j.ast.2016.05.020},
  url = {https://doi.org/10.1016/j.ast.2016.05.020},
  year = {2016},
  month = aug,
  publisher = {Elsevier {BV}},
  volume = {55},
  pages = {344--358},
  author = {Subramanian Ramasamy and Roberto Sabatini and Alessandro Gardi and Jing Liu},
  title = {{LIDAR} obstacle warning and avoidance system for unmanned aerial vehicle sense-and-avoid},
  journal = {Aerospace Science and Technology}
}